@incollection{PACGGHSY,
  author = 	 {B. C.~ Pierce and A. A.~de Amorim and C.~Casinghino and M.~Gaboardi and M.~Greenberg and C.~Hriţcu and V.~Sjöberg and B.~Yorgey},
  title =  {Software Foundations},   
  booktitle =  {Logical Foundations},
  volume = {Volume 1},
  year = 	 {2019},
  series       = {5},
  publisher = {},
  note         = {found online at \url{https://softwarefoundations.cis.upenn.edu/current/lf-current/index.html}},   
}

@misc{CppDotComDS,
titel = {https://Cplusplus.com},
note = {found online at \url{https://www.cplusplus.com/doc/tutorial/structures} accessed at the 07.02.2019}},
}

@book{U,
title = {Java ist auch eine Insel, Einführung, Ausbildung, Praxis},
author= {C. Ullenboom},
publisher = {Rheinwerk Computing},
note = {978-3-8362-5870-8}, 
year = {2017},
}



@misc{S,
author = {S. Reith}, 
title = {Vorlesung Security A1}, 
howpublished = {lecture notes}, 
note = {found online at \url{https://www.cs.hs-rm.de/~reith/lehre/oloff2017wahrscheinlichkeitsrechnungSecurity19/page-9/styled-32}, accessed at the July 10th 2019},
} 	

@misc{N,
author = {M. Nahas},
title = {A tutorial by Mike Nahas},
howpublished = {Tutorial},
note = {found online at \url{https://coq.inria.fr/tutorial-nahas} acessed at the July 25th 2019}, 
}

@phdthesis{K,
  author       = {Rober Kasier}, 
  title        = {The title of the work},
  school       = {The school of the thesis},
  year         = 1993,
  address      = {The address of the publisher},
  month        = 7,
  note         = {An optional note}
}

@misc{KBK,
author = {R. Kaiser and K. Beckmann and R. Kröger},
title = {Echtzeitplanung},
howpublished = {Handouts},
note = {found online at \url{https://www.cs.hs-rm.de/~kaiser/1919_ezv/6_Scheduling-handout.pdf} acessed at the January 07th 2020}, 
}
}