@Article{MuBe14,
	author = {P.~A.~Mueller and D.~M.~Bernstein},
	title = {The Pen Is Mightier Than The Keyboard: Advantages of Longhand Over Laptop Note Taking},
	journal = {Psychological Science},
	year = {2014},
	doi = {10.1177/0956797614524581},
	url = {\url{http://pss.sagepub.com/content/early/2014/04/22/0956797614524581}}
}

@incollection{PideAmCaGaGrHrSjYo,
  author = 	 {B. C.~ Pierce and A. A.~de Amorim and C.~Casinghino and
M.~Gaboardi and M.~Greenberg and C.~Hriţcu and V.~Sjöberg and B.~Yorgey},
  title =  {Software Foundations},   
  booktitle =  {Logical Foundations},
  language =     {english},
  volume = { },
  year = 	 {2019};
  series       = 5,
  address      = {The address of the publisher},
  date        = 14.05.2019,
  note         = {An optional note}  
  
}

@Article{Ca85,
  author = 	 {G.~Cantor},
  title = 	 {Beitr\"age zur {B}egr\"undung der transfiniten {M}engenlehre},
  language =     {german},
  journal = 	 {Mathematische Annalen},
  year = 	 {1895},
  volume = 	 {46},
  number = 	 {4},
  pages = 	 {481-512}
}

@Book{GaJo79,
  author = 	 {M.~R.~Garey and D.~S.~Johnson},
  title = 	 {Computers and Intractability},
  language =     {english},
  publisher = 	 {W. H. Freeman and Company},
  year = 	 {1979}
}                                                                                     

@Book{Ho08,
  author = 	 {M.~Homeister},
  title = 	 {Quantum Computing verstehen},
  publisher = 	 {Vieweg},
  year = 	 {2008}
}

@Book{Sch01,
  author = 	 {U.~Sch\"oning},
  title = 	 {Algorithmik},
  language =     {german},
  publisher = 	 {Spektrum Akademischer Verlag},
  year = 	 2001
}

@Book{gru99,
  author = 	 {J.~Gruska},
  title = 	 {Quantum Computing},
  language =     {english},
  publisher = 	 {McGraw-Hill},
  year = 	 1999
}

@Book{mora95,
  author = 	 {R.~Motwani and P.~Raghavan},
  title = 	 {Randomized Algorithms},
  language =     {english},
  publisher = 	 {Cambridge University Press},
  year = 	 1995
}

@Book{pau98,
  author = 	 {G.~P{\u{a}}un},
  title = 	 {Computing with Bio-Molecules},
  publisher = 	 {Springer Verlag},
  year = 	 1998,
  language =     {english},
  series =	 {Springer Series in Discrete Mathematics and Theoretical Computer Science},
  address =	 {Singapore}
}
